<?xml version="1.0" encoding="UTF-8"?><collection xmlns="http://www.loc.gov/MARC21/slim"><record><leader>00327nam--2200121-i-4500</leader><controlfield tag="001">000049000</controlfield><controlfield tag="002">20161230</controlfield><controlfield tag="005">20161230201047</controlfield><controlfield tag="008">060222s1000------------r-----000-0-eng-d</controlfield><datafield ind1=" " ind2=" " tag="245"><subfield code="a">Radiography and x ray crystallography in industry</subfield></datafield><datafield ind1=" " ind2=" " tag="260"><subfield code="a">London , A.Hilger, 1939, /12p.</subfield></datafield><datafield ind1=" " ind2=" " tag="490"><subfield code="a">Reprinted From Light Metals</subfield></datafield><datafield ind1=" " ind2=" " tag="852"><subfield code="a">1705</subfield></datafield></record></collection>